
@article{tonhauser_how_2018,
	title = {How projective is projective content? {Gradience} in projectivity and at-issueness},
	volume = {35},
	shorttitle = {How projective is projective content?},
	number = {3},
	journal = {Journal of Semantics},
	author = {Tonhauser, Judith and Beaver, David I. and Degen, Judith},
	year = {2018},
	note = {Publisher: Oxford University Press},
	pages = {495--542},
	file = {Tonhauser et al. - 2018 - How projective is projective content Gradience in.pdf:/Users/lisa/Zotero/storage/X9TYVC2W/Tonhauser et al. - 2018 - How projective is projective content Gradience in.pdf:application/pdf},
}

@inproceedings{de_marneffe_commitmentbank_2019,
	title = {The commitmentbank: {Investigating} projection in naturally occurring discourse},
	volume = {23},
	booktitle = {Proceedings of {Sinn} und {Bedeutung}},
	author = {De Marneffe, Marie-Catherine and Simons, Mandy and Tonhauser, Judith},
	year = {2019},
	note = {Issue: 2},
	pages = {107--124},
}

@article{tonhauser_diagnosing_2012,
	title = {Diagnosing (not-) at-issue content},
	volume = {6},
	journal = {Proceedings of Semantics of Under-represented Languages of the Americas (SULA)},
	author = {Tonhauser, Judith},
	year = {2012},
	note = {Publisher: UMass; GLSA Amherst},
	pages = {239--254},
	file = {Tonhauser - 2012 - Diagnosing (not-) at-issue content.pdf:/Users/lisa/Zotero/storage/JT46Z8FI/Tonhauser - 2012 - Diagnosing (not-) at-issue content.pdf:application/pdf},
}

@inproceedings{simons_what_2010,
	title = {What projects and why},
	volume = {20},
	booktitle = {Semantics and linguistic theory},
	author = {Simons, Mandy and Tonhauser, Judith and Beaver, David and Roberts, Craige},
	year = {2010},
	pages = {309--327},
}

@article{djarv_prosodic_2017,
	title = {Prosodic effects on factive presupposition projection},
	volume = {27},
	journal = {Semantics and Linguistic Theory},
	author = {Djärv, Kajsa and Bacovcin, Hezekiah Akiva},
	year = {2017},
	note = {Publisher: Ithaca, NY: CLC Publications},
	pages = {116--133},
}

@article{tonhauser_prosodic_2016,
	title = {Prosodic cues to speaker commitment},
	volume = {26},
	journal = {Semantics and Linguistic Theory},
	author = {Tonhauser, Judith},
	year = {2016},
	note = {Publisher: Ithaca, NY: CLC Publications},
	pages = {934--960},
}

@article{mahler_social_2020,
	title = {The social component of projection behavior of clausal complements},
	volume = {5},
	journal = {Linguistic Society of America},
	author = {Mahler, Taylor},
	year = {2020},
	pages = {777--791},
}

@inproceedings{heim_projection_1983,
	title = {On the {Projection} {Problem} for {Presuppositions}},
	booktitle = {Proceedings of the {Second} {West} {Coast} {Conference} on {Formal} {Linguistics}},
	author = {Heim, Irene},
	year = {1983},
	keywords = {semantics, dynamic semantics, presuppositions},
	pages = {114--125},
}

@article{van_der_sandt_presupposition_1992,
	title = {Presupposition projection as anaphora resolution},
	volume = {9},
	number = {4},
	journal = {Journal of semantics},
	author = {van der Sandt, Rob A.},
	year = {1992},
	note = {Publisher: Oxford University Press},
	pages = {333--377},
	annote = {Publisher: Oxford University Press},
	file = {Full Text:/Users/lisa/Zotero/storage/JFXHEUEC/Van der Sandt - 1992 - Presupposition projection as anaphora resolution.pdf:application/pdf;Snapshot:/Users/lisa/Zotero/storage/GKP3WM3N/1648227.html:text/html},
}

@article{karttunen_presuppositions_1973,
	title = {Presuppositions of {Compound} {Sentences}},
	volume = {4},
	journal = {Linguistic Inquiry},
	author = {Karttunen, Lauri},
	year = {1973},
	keywords = {semantics, presuppositions},
	pages = {169--193},
}

@article{de_marneffe_did_2012,
	title = {Did {It} {Happen}? {The} {Pragmatic} {Complexity} of {Veridicality} {Assessment}},
	volume = {38},
	number = {2},
	journal = {Computational Linguistics},
	author = {de Marneffe, Marie-Catherine and Manning, Christopher D. and Potts, Christopher},
	month = feb,
	year = {2012},
	note = {Publisher: MIT Press},
	pages = {301--333},
	file = {Full Text:/Users/lisa/Zotero/storage/X9CCHPHN/de Marneffe et al. - 2012 - Did It Happen The Pragmatic Complexity of Veridic.pdf:application/pdf;Full Text PDF:/Users/lisa/Zotero/storage/PPFL4MXR/de Marneffe et al. - 2012 - Did It Happen The Pragmatic Complexity of Veridic.pdf:application/pdf;Snapshot:/Users/lisa/Zotero/storage/H5JJGBJH/Did-It-Happen-The-Pragmatic-Complexity-of.html:text/html;Snapshot:/Users/lisa/Zotero/storage/FF8ISTJP/COLI_a_00097.html:text/html},
}

@misc{r_core_team_r_2014,
	address = {Vienna, Austria},
	title = {R: {A} {Language} and {Environment} for {Statistical} {Computing}},
	url = {https://www.r-project.org/},
	urldate = {2021-10-31},
	publisher = {R Foundation for Statistical Computing},
	author = {R Core Team},
	year = {2014},
	file = {R\: The R Project for Statistical Computing:/Users/lisa/Zotero/storage/IK4CHYVS/www.r-project.org.html:text/html},
}

@article{simons_best_2017,
	title = {The best question: {Explaining} the projection behavior of factives},
	volume = {54},
	shorttitle = {The best question},
	number = {3},
	journal = {Discourse processes},
	author = {Simons, Mandy and Beaver, David and Roberts, Craige and Tonhauser, Judith},
	year = {2017},
	note = {Publisher: Taylor \& Francis},
	pages = {187--206},
	file = {Full Text:/Users/lisa/Zotero/storage/LTTL9ZG2/Simons et al. - 2017 - The best question Explaining the projection behav.pdf:application/pdf;Snapshot:/Users/lisa/Zotero/storage/B4GFHNV4/0163853X.2016.html:text/html},
}

@article{heim_presupposition_1992,
	title = {Presupposition {Projection} and the {Semantics} of {Attitude} {Verbs}},
	volume = {9},
	doi = {10.1093/jos/9.3.183},
	language = {en},
	number = {3},
	urldate = {2019-05-13},
	journal = {Journal of Semantics},
	author = {Heim, Irene},
	year = {1992},
	pages = {183--221},
	file = {183.pdf:/Users/lisa/Zotero/storage/UTJMB889/183.pdf:application/pdf;Full Text:/Users/lisa/Zotero/storage/HWXYJT8L/Heim - 1992 - Presupposition projection and the semantics of att.pdf:application/pdf;Snapshot:/Users/lisa/Zotero/storage/XRDY3SCW/1734371.html:text/html},
}

@incollection{kiparsky_fact_1970,
	title = {Fact},
	booktitle = {Progress in {Linguistics}},
	publisher = {The Hague: Mouton},
	author = {Kiparsky, Paul and Kiparsky, Carol},
	editor = {Bierwisch, Manfred and Heidolph, Karl Erich},
	year = {1970},
	pages = {143--173},
}

@incollection{beaver_have_2010,
	title = {Have you noticed that your belly button lint colour is related to the colour of your clothing?},
	booktitle = {Presuppositions and {Discourse}: {Essays} offered to {Hans} {Kamp}},
	publisher = {Oxford: Elsevier},
	author = {Beaver, David},
	editor = {Bäuerle, Rainer and Reyle, Uwe and Zimmermann, Thomas},
	year = {2010},
	doi = {10.1163/9789004253162},
	pages = {65--99},
}

@article{bates_fitting_2015,
	title = {Fitting {Linear} {Mixed}-{Effects} {Models} {Using} lme4},
	volume = {67},
	number = {1},
	journal = {Journal of Statistical Software},
	author = {Bates, Douglas and Mächler, Martin and Bolker, Ben and Walker, Steve},
	year = {2015},
	pages = {1--48},
}

@article{cummins_experimental_2012,
	title = {Experimental investigations of the typology of presupposition triggers},
	volume = {23},
	journal = {Humana Mente Journal of Philosophical Studies},
	author = {Cummins, Chris and Amaral, Patrícia and Katsos, Napoleon},
	year = {2012},
	pages = {1--15},
}

@misc{klein_two_1975,
	title = {Two sorts of factive predicates},
	author = {Klein, Ewan},
	year = {1975},
	note = {Published: Pragmatics Microfiche 1.1. Frames B5-C14},
}

@misc{kuznetsova_lmertest_2016,
	title = {lmertest package (version 2.0.33)},
	author = {Kuznetsova, Alexandra, Per Bruun Brockhoff and Christensen, Rune Haubo Bojesen},
	year = {2016},
}

@article{karttunen_observations_1971,
	title = {Some observations on factivity},
	volume = {4},
	number = {1},
	journal = {Research on Language \& Social Interaction},
	author = {Karttunen, Lauri},
	year = {1971},
	note = {Publisher: Taylor \& Francis},
	pages = {55--69},
	file = {Snapshot:/Users/lisa/Zotero/storage/PWTA8YRG/08351817109370248.html:text/html},
}

@article{beaver_questions_2017,
	title = {Questions under discussion: {Where} information structure meets projective content},
	volume = {3},
	shorttitle = {Questions under discussion},
	journal = {Annual Review of Linguistics},
	author = {Beaver, David I. and Roberts, Craige and Simons, Mandy and Tonhauser, Judith},
	year = {2017},
	note = {Publisher: Annual Reviews},
	pages = {265--284},
	file = {Full Text:/Users/lisa/Zotero/storage/4JDMI2IX/Beaver et al. - 2017 - Questions under discussion Where information stru.pdf:application/pdf},
}

@inproceedings{djarv_cognitive_2018,
	title = {Cognitive vs. emotive factives: {An} experimental differentiation},
	volume = {21},
	booktitle = {Proceedings of {Sinn} und {Bedeutung}},
	author = {Djärv, Kajsa and Zehr, Jérémy and Schwarz, Florian},
	year = {2018},
	note = {Issue: 1},
	pages = {367--386},
	file = {Full Text:/Users/lisa/Zotero/storage/8736EK77/Djärv et al. - 2018 - Cognitive vs. emotive factives An experimental di.pdf:application/pdf;Snapshot:/Users/lisa/Zotero/storage/LXXWWI8D/143.html:text/html},
}

@inproceedings{smith_relationship_2014,
	title = {The relationship between projection and embedding environment},
	booktitle = {Proceedings of the 48th {Meeting} of the {Chicago} {Linguistics} {Society}},
	publisher = {Citeseer},
	author = {Smith, E. Allyn and Hall, Kathleen Currie},
	year = {2014},
	file = {Smith and Hall - 2014 - The relationship between projection and embedding .pdf:/Users/lisa/Zotero/storage/4PS6896E/Smith and Hall - 2014 - The relationship between projection and embedding .pdf:application/pdf},
}

@incollection{stalnaker_pragmatic_1977,
	title = {Pragmatic presuppositions},
	booktitle = {Semantics and {Philosophy}},
	publisher = {New York: NYU Press},
	author = {Stalnaker, Robert},
	editor = {Munitz, Milton K. and Unger, Peter},
	year = {1977},
	pages = {197--213},
	file = {Full Text:/Users/lisa/Zotero/storage/CPPL6C7R/Stalnaker et al. - 1977 - Pragmatic presuppositions.pdf:application/pdf},
}

@article{hooper_applicability_1973,
	title = {On the applicability of root transformations},
	volume = {4},
	number = {4},
	journal = {Linguistic inquiry},
	author = {Hooper, Joan B. and Thompson, Sandra A.},
	year = {1973},
	note = {Publisher: JSTOR},
	pages = {465--497},
	file = {Full Text:/Users/lisa/Zotero/storage/DA2RPQBA/Hooper and Thompson - 1973 - On the applicability of root transformations.pdf:application/pdf;Snapshot:/Users/lisa/Zotero/storage/UPY9EUGP/4177789.html:text/html},
}

@article{zimmermann_grammatical_2011,
	title = {The grammatical expression of focus in {West} {Chadic}: {Variation} and uniformity in and across languages},
	shorttitle = {The grammatical expression of focus in {West} {Chadic}},
	author = {Zimmermann, Malte},
	year = {2011},
	note = {Publisher: Walter de Gruyter GmbH \& Co. KG},
	file = {Full Text:/Users/lisa/Zotero/storage/25FRQQBJ/Zimmermann - 2011 - The grammatical expression of focus in West Chadic.pdf:application/pdf;Snapshot:/Users/lisa/Zotero/storage/86AASDMD/html.html:text/html},
}

@phdthesis{tonnis_german_2021,
	type = {Doctoral dissertation},
	title = {German es-clefts in discourse. {A} question-based analysis involving expectedness},
	school = {Graz University},
	author = {Tönnis, Swantje},
	year = {2021},
	file = {Tönnis - 2021 - German es-clefts in discourse. A question-based an.pdf:/Users/lisa/Zotero/storage/QULGPKTE/Tönnis - 2021 - German es-clefts in discourse. A question-based an.pdf:application/pdf},
}

@article{degen_prior_2022,
	title = {Prior beliefs modulate projection},
	volume = {5},
	journal = {Open Mind},
	author = {Degen, Judith and Tonhauser, Judith},
	year = {2022},
	note = {Publisher: MIT Press},
	pages = {59--70},
	file = {Full Text:/Users/lisa/Zotero/storage/M86XX7F2/Degen and Tonhauser - 2021 - Prior beliefs modulate projection.pdf:application/pdf;Full Text:/Users/lisa/Zotero/storage/TY7E8L6C/106927.html:text/html;Snapshot:/Users/lisa/Zotero/storage/ZNALJNUL/Prior-Beliefs-Modulate-Projection.html:text/html},
}

@article{degen_are_2022,
	title = {Are there factive predicates? {An} empirical investigation},
	volume = {98},
	shorttitle = {Are there factive predicates?},
	number = {3},
	journal = {Language},
	author = {Degen, Judith and Tonhauser, Judith},
	year = {2022},
	note = {Publisher: Linguistic Society of America},
	pages = {552--591},
	file = {Full Text:/Users/lisa/Zotero/storage/VAUZPPFC/Degen and Tonhauser - 2022 - Are there factive predicates An empirical investi.pdf:application/pdf;Snapshot:/Users/lisa/Zotero/storage/HNIUQFGX/summary.html:text/html},
}

@article{abrusan_predicting_2011,
	title = {Predicting the presuppositions of soft triggers},
	volume = {34},
	journal = {Linguistics and philosophy},
	author = {Abrusán, Márta},
	year = {2011},
	note = {Publisher: Springer},
	pages = {491--535},
	file = {Abrusán - 2011 - Predicting the presuppositions of soft triggers.pdf:/Users/lisa/Zotero/storage/HU9YIE8G/Abrusán - 2011 - Predicting the presuppositions of soft triggers.pdf:application/pdf},
}

@article{schlenker_triggering_2021,
	title = {Triggering presuppositions},
	volume = {6},
	number = {1},
	journal = {Glossa: a journal of general linguistics},
	author = {Schlenker, Philippe},
	year = {2021},
	note = {Publisher: Open Library of Humanities},
	file = {Full Text:/Users/lisa/Zotero/storage/V8IEFVSR/5415.html:text/html;Schlenker - 2021 - Triggering presuppositions.pdf:/Users/lisa/Zotero/storage/JKQE5HRR/Schlenker - 2021 - Triggering presuppositions.pdf:application/pdf},
}

@inproceedings{sieker_projective_2022,
	title = {Projective variability of (semi) factive verbs in family of sentence contexts: {A} rating study},
	shorttitle = {Projective variability of (semi) factive verbs in family of sentence contexts},
	booktitle = {Proceedings of the 23rd {Amsterdam} {Colloquium}},
	author = {Sieker, Judith and Solstad, Torgrim},
	year = {2022},
	file = {Full Text:/Users/lisa/Zotero/storage/MMDU9NHL/Sieker and Solstad - 2022 - Projective variability of (semi) factive verbs in .pdf:application/pdf},
}
