@Book{HeimKratzer98,
	Address = {Oxford},
	Author = {Irene Heim and Angelika Kratzer},
	Publisher = {Blackwell},
	Title = {Semantics in Generative Grammar},
	Year = {1998}
}

@incollection{Montague73,
	Author = {Richard Montague},
	Title = {The Proper Treatment of Quantification in Ordinary {E}nglish},
	Booktitle = {Approaches to Natural Language},
	Publisher = {Reidel},
	Year = {1973},
	Editor = {Jaakko Hintikka and Julius Moravcsik and Patrick Suppes},
	Pages = {221--242},
	Address = {Dordrecht}
}

@incollection{Montague73a,
	Author = {Richard Montague},
	Title = {The Proper Treatment of Quantification in Ordinary {E}nglish},
	Booktitle = {Approaches to Natural Language},
	Publisher = {Reidel},
	Year = {to appear},
	Editor = {Jaakko Hintikka and Julius Moravcsik and Patrick Suppes},
	Pages = {221--242},
	Address = {Dordrecht}
}

@article{Dowty78,
	Author = {Dowty, David},
	Date-Added = {2011-08-30 16:31:07 +0200},
	Date-Modified = {2011-08-30 16:31:07 +0200},
	Journal = {Linguistic Inquiry},
	Number = {3},
	Pages = {393--426},
	Title = {Governed transformations as lexical rules in a {M}ontague grammar},
	Volume = {9},
	Year = {1978}}
	
@inproceedings{kz84,
	Address = {Ithaca},
	Author = {Karttunen, Lauri and Zaenen, Annie},
	Booktitle = {Proceedings of ESCOL '84},
	Pages = {309--320},
	Publisher = {Cornell Working Papers in Linguistics},
	Title = {Matching},
	Year = {1984}}
